@book{Adams,
  author    = {Adams, C and Franzosa, Robert}, 
  title     = {Introduction to Topology: Pure and Applied},
  publisher = {Pearson Prentice Hall},
  year      = 2008,
  address   = {Upper Saddle River, NY},
  isbn      = {9780131848696}
}

@article{Properties,
  title={Properties of Sparse Distributed Representations and their Application to Hierarchical Temporal Memory},
  author={Ahmad, Subutai and Hawkins, Jeff},
  journal={arXiv preprint arXiv:1503.07469},
  year={2015}
}

@mastersthesis{Evaluation,
  title={Evaluation of Hierarchical Temporal Memory in algorithmic trading},
  author={{\AA}slin, Fredrik},
  school={ Institutionen f\"{o}r Datavetenskap}
  year={2010}
  month={2}  
}

@book{Box,
  author    = {Box, George E. P and Jenkins, Gwilym M.}, 
  title     = {Time Series Analysis: Forecasting and Control},
  publisher = {John Wiley \& Sons, Inc.},
  year      = 2016,
  address   = {Hoboken, N.J.},
  edition   = 5,
  isbn      = {9781118675021}
}

@article{Buchanan,
  title={A (Very) Brief History of Artificial Intelligence},
  author={Buchanan, Bruce G},
  journal={AI Magazine},
  volume={26},
  number={4},
  pages={53},
  year={2005}
}

@misc{RDSE,
  author = {Byrne, Fergal},
  title = {Random Distributed Scalar Encoder},
  howpublished = "\url{http://fergalbyrne.github.io/rdse.html}",
  year = {2014},
  month = {7} 
  note = "[Online; accessed 27-April-2018]"
}

@article{Connell,
  title={Four Paths to AI},
  author={Connell, Jonathan and Livingston, Kenneth},
  journal={Frontiers in artificial intelligence and applications},
  volume={171},
  pages={394},
  year={2008},
  publisher={IOS Press}
}

@misc{RDSE,
  author = {Dillon, A},
  title = {SDR Classifier},
  howpublished = "\url{http://hopding.com/sdr-classifier}",
  year = {2016},
  note = "[Online; accessed 9-April-2018]"
}

